@online{website:virtdock,
	usera = {},
	title = "Virtualisierung und Containerisierung",
	author = "IT-Agile (2020), Softwareunternehmen",
	url = {https://www.it-agile.de/wissen/agiles-engineering/virtualisierung-und-containerisierung/},
	%Daten für den alten Stil
	%year = "2014",
	%note = "05.04.2015, 19:25",
	%Daten für neuen 2018er Stil
	date = {2020-03-23},
	urltime = {20:30},
	urldate = {2020-03-23}
}
